<?xml version="1.0" encoding="UTF-8"?><collection xmlns="http://www.loc.gov/MARC21/slim"><record><leader>00568nam--2200181-i-4500</leader><controlfield tag="001">000040137</controlfield><controlfield tag="002">20161230</controlfield><controlfield tag="005">20161230201042</controlfield><controlfield tag="008">060222s1000------------r-----000-0-ger-d</controlfield><datafield ind1=" " ind2=" " tag="040"><subfield code="a">IFIN-HH</subfield></datafield><datafield ind1=" " ind2=" " tag="041"><subfield code="a">fre</subfield></datafield><datafield ind1=" " ind2=" " tag="080"><subfield code="a">539.183.3:543.42(043)</subfield></datafield><datafield ind1="1" ind2=" " tag="100"><subfield code="a">Raassen, Antonius Johanees Josephus</subfield></datafield><datafield ind1="1" ind2="0" tag="245"><subfield code="a">Analyse en theoretische beschruving van enige atomaire systems met optische 3rd- electronen</subfield><subfield code="b">These</subfield><subfield code="c">Antonius johanees josephus raassen</subfield></datafield><datafield ind1=" " ind2=" " tag="260"><subfield code="a">Amsterdam</subfield><subfield code="b">Univesiteit</subfield><subfield code="c">1982</subfield></datafield><datafield ind1=" " ind2=" " tag="300"><subfield code="a">152P</subfield></datafield><datafield ind1=" " ind2=" " tag="852"><subfield code="a">71873</subfield><subfield code="c">539.18</subfield></datafield><datafield ind1=" " ind2=" " tag="CAT"><subfield code="a">Sys</subfield><subfield code="c">20120709</subfield><subfield code="h">143641</subfield></datafield></record></collection>